@misc{ChicagoDataPortal,
url = {https://data.cityofchicago.org/Transportation/Taxi-Trips/wrvz-psew},
title = {Taxi Trips},
author = {Chicago Data Portal},
year = {2017}}

@article{ChicagoDigital,
url = {https://digital.cityofchicago.org/index.php/chicago-taxi-data-released},
author = {City of Chicago},
title = {Chicago Taxi Data Released},
year = {2016},
journal = {Chicago Digital}}

@misc{NYCTaxi,
author = {Daulton, Samuel and Raman, Sethu and Kindt, Tijl},
url = {https://sdaulton.github.io/TaxiPrediction},
title = {NYC Taxi Data Prediction}}

@misc{TaxiTravelTime,
author = {Hoch, Thomas},
year = {2015},
title = {An Ensemble Learning Approach for the Kaggle Taxi Travel Time Prediction Challenge}}

@misc{NOAA,
author = {NOAA},
title = {Local Climatological Data},
url = {https://www.ncdc.noaa.gov/data-access/land-based-station-data/land-based-datasets/quality-controlled-local-climatological-data-qclcd}}

@misc{TaxiDemand,
author = {Sharma, Gaurav},
year = {2018},
url = {https://blog.goodaudience.com/taxi-demand-prediction-new-york-city-5e7b12305475}}

@inproceedings{TaxiDemand2,
author = {Tong, Yongxin and Chen, Yuqian and Zhou, Zimu and Chen, Lei and Wang, Jie and Yang, Qiang and Ye, Jieping and Lv, Weifeng},
year = {2017},
title = {The Simpler The Better: A Unified Approach to Predicting Original Taxi Demands based on Large-Scale Online Platforms},
booktitle = {23rd ACM SIGKDD International Conference on Knowledge Discovery and Data Mining (KDD '17)},
publisher = {ACM},
pages = {1653-1662},
address = {New York, NY, USA}}