@misc{dataDesc,
title = {{Chicago Taxi Data Released}},
author = {{City of Chicago}},
url = {https://digital.cityofchicago.org/index.php/chicago-taxi-data-released/},
note = {Accessed: 2019-05-02},
year = {2016}
}

@misc{rates,
title = {{Passenger Information}},
author = {{City of Chicago}},
url = {https://www.chicago.gov/city/en/depts/bacp/supp_info/2012_passenger_information.html},
note = {Accessed: 2019-05-05},
year = {2016}
}

@misc{community_areas,
title = {{Chicago Neighborhoods}},
author = {{The Chicago 77}},
url = {http://www.thechicago77.com/chicago-neighborhoods/},
note = {Accessed: 2019-05-05},
year = {2019}
}

@inproceedings{TaxiDemand2,
author = {Tong, Yongxin and Chen, Yuqian and Zhou, Zimu and Chen, Lei and Wang, Jie and Yang, Qiang and Ye, Jieping and Lv, Weifeng},
year = {2017},
title = {{The Simpler The Better: A Unified Approach to Predicting Original Taxi Demands based on Large-Scale Online Platforms}},
booktitle = {23rd ACM SIGKDD International Conference on Knowledge Discovery and Data Mining (KDD '17)},
publisher = {ACM},
pages = {1653-1662},
address = {New York, NY, USA}}

@misc{NYCTaxi,
author = {Daulton, Samuel and Raman, Sethu and Kindt, Tijl},
url = {https://sdaulton.github.io/TaxiPrediction},
title = {{NYC Taxi Data Prediction}}}

@misc{TaxiTravelTime,
author = {Hoch, Thomas},
year = {2015},
title = {{An Ensemble Learning Approach for the Kaggle Taxi Travel Time Prediction Challenge}}}

@inproceedings{Nadam,
author = {Timothy Dozat},
year = {2016},
title = {{Incorporating Nesterov Momentum into Adam}},
booktitle = {International Conference on Learning Representation}
}

@misc{uber,
author = {M. Keith Chen and Michael Sheldon},
year = {2015},
title = {{Dynamic Pricing in a Labor Market:  SurgePricing and Flexible Work on the Uber Platform}}}

@misc{NOAA,
author = {NOAA},
year = {2019},
url = {https://www.ncdc.noaa.gov/data-access/land-based-station-data/land-based-datasets/quality-controlled-local-climatological-data-qclcd},
title = {{Local Climatological Data}}}